@misc{BrainInsightSRS2024,
  author = {Nada Elmasry},
  title  = {BrainInsight3D SRS Document },
  year   = {2024},
  url    = {https://github.com/NadaElmasry/3D-Image-Reconstruction-Segmentation/blob/main/docs/SRS/SRS.pdf}
}

@misc{BrainInsightProblemStatement2024,
  author = {Nada Elmasry},
  title  = {BrainInsight3D Problem Statement },
  year   = {2024},
  url    = {https://github.com/NadaElmasry/3D-Image-Reconstruction-Segmentation/blob/main/docs/ProblemStatementAndGoals/ProblemStatement.pdf}
}

@misc{BrainInsightMG2024,
  author = {Nada Elmasry},
  title  = {BrainInsight3D Module Guide Document },
  year   = {2024},
  url    = {https://github.com/NadaElmasry/3D-Image-Reconstruction-Segmentation/blob/main/docs/Design/SoftArchitecture/MG.pdf}
}

@misc{BrainInsightMIS2024,
  author = {Nada Elmasry},
  title  = {BrainInsight3D Module Interface Specification Document },
  year   = {2024},
  url    = {https://github.com/NadaElmasry/3D-Image-Reconstruction-Segmentation/blob/main/docs/Design/SoftDetailedDes/MIS.pdf}
}

@misc{SRSChecklist,
  author = {Spencer Smith},
  title  = {Software Requirements Specifications Checklist},
  year   = {2022},
  url    = {https://github.com/smiths/capTemplate/blob/main/docs/Checklists/VnV-Checklist.pdf}
}