@article{Parnas1972a,
  author        = {David L. Parnas},
  date-added    = {2019-12-06 16:45:41 -0500},
  date-modified = {2019-12-06 16:45:41 -0500},
  journal       = {Comm. ACM},
  month         = dec,
  number        = {2},
  pages         = {1053--1058},
  title         = {On the Criteria To Be Used in Decomposing Systems into Modules},
  volume        = {15},
  year          = {1972},
  bdsk-file-1   = {YnBsaXN0MDDSAQIDBFxyZWxhdGl2ZVBhdGhZYWxpYXNEYXRhXxAwLi4vLi4vLi4vV29yay9SZXNlYXJjaC9SZWZlcmVuY2VzL1Bhcm5hczE5NzIucGRmTxEBZgAAAAABZgACAAAMTWFjaW50b3NoIEhEAAAAAAAAAAAAAAAAAAAAAAAAAEJEAAH/////DlBhcm5hczE5NzIucGRmAAAAAAAAAAAAAAAAAAAAAAAAAAAAAAAAAAAAAAAAAAAAAAAAAAAAAAAAAAAAAAAAAP////8AAAAAAAAAAAAAAAAAAwAEAAAKIGN1AAAAAAAAAAAAAAAAAApSZWZlcmVuY2VzAAIANi86VXNlcnM6c21pdGhzOldvcms6UmVzZWFyY2g6UmVmZXJlbmNlczpQYXJuYXMxOTcyLnBkZgAOAB4ADgBQAGEAcgBuAGEAcwAxADkANwAyAC4AcABkAGYADwAaAAwATQBhAGMAaQBuAHQAbwBzAGgAIABIAEQAEgA0VXNlcnMvc21pdGhzL1dvcmsvUmVzZWFyY2gvUmVmZXJlbmNlcy9QYXJuYXMxOTcyLnBkZgATAAEvAAAVAAIADf//AAAACAANABoAJABXAAAAAAAAAgEAAAAAAAAABQAAAAAAAAAAAAAAAAAAAcE=}
}

@inproceedings{Parnas1978,
  address       = {Piscataway, NJ, USA},
  author        = {David L. Parnas},
  booktitle     = {ICSE '78: Proceedings of the 3rd international conference on Software engineering},
  date-added    = {2019-12-06 16:45:53 -0500},
  date-modified = {2019-12-06 16:45:53 -0500},
  isbn          = {none},
  location      = {Atlanta, Georgia, United States},
  pages         = {264--277},
  publisher     = {IEEE Press},
  title         = {Designing Software for Ease of Extension and Contraction},
  year          = {1978},
  bdsk-file-1   = {YnBsaXN0MDDSAQIDBFxyZWxhdGl2ZVBhdGhZYWxpYXNEYXRhXxAYLi4vLi4vcHViL1Bhcm5hczE5NzgucGRmTxEBRAAAAAABRAACAAAMTWFjaW50b3NoIEhEAAAAAAAAAAAAAAAAAAAAAAAAAEJEAAH/////DlBhcm5hczE5NzgucGRmAAAAAAAAAAAAAAAAAAAAAAAAAAAAAAAAAAAAAAAAAAAAAAAAAAAAAAAAAAAAAAAAAP////8AAAAAAAAAAAAAAAAAAgACAAAKIGN1AAAAAAAAAAAAAAAAAANwdWIAAAIAJy86VXNlcnM6c21pdGhzOlJlcG9zOnB1YjpQYXJuYXMxOTc4LnBkZgAADgAeAA4AUABhAHIAbgBhAHMAMQA5ADcAOAAuAHAAZABmAA8AGgAMAE0AYQBjAGkAbgB0AG8AcwBoACAASABEABIAJVVzZXJzL3NtaXRocy9SZXBvcy9wdWIvUGFybmFzMTk3OC5wZGYAABMAAS8AABUAAgAN//8AAAAIAA0AGgAkAD8AAAAAAAACAQAAAAAAAAAFAAAAAAAAAAAAAAAAAAABhw==}
}


@inproceedings{ParnasEtAl1984,
  author        = {D.L. Parnas and P.C. Clement and D. M. Weiss},
  booktitle     = {International Conference on Software Engineering},
  date-added    = {2019-12-06 16:45:50 -0500},
  date-modified = {2019-12-06 16:45:50 -0500},
  pages         = {408-419},
  title         = {The modular structure of complex systems},
  year          = {1984},
  bdsk-file-1   = {YnBsaXN0MDDSAQIDBFxyZWxhdGl2ZVBhdGhZYWxpYXNEYXRhXxAcLi4vLi4vcHViL1Bhcm5hc0V0QWwxOTg0LnBkZk8RAVQAAAAAAVQAAgAADE1hY2ludG9zaCBIRAAAAAAAAAAAAAAAAAAAAAAAAABCRAAB/////xJQYXJuYXNFdEFsMTk4NC5wZGYAAAAAAAAAAAAAAAAAAAAAAAAAAAAAAAAAAAAAAAAAAAAAAAAAAAAAAAAAAAD/////AAAAAAAAAAAAAAAAAAIAAgAACiBjdQAAAAAAAAAAAAAAAAADcHViAAACACsvOlVzZXJzOnNtaXRoczpSZXBvczpwdWI6UGFybmFzRXRBbDE5ODQucGRmAAAOACYAEgBQAGEAcgBuAGEAcwBFAHQAQQBsADEAOQA4ADQALgBwAGQAZgAPABoADABNAGEAYwBpAG4AdABvAHMAaAAgAEgARAASAClVc2Vycy9zbWl0aHMvUmVwb3MvcHViL1Bhcm5hc0V0QWwxOTg0LnBkZgAAEwABLwAAFQACAA3//wAAAAgADQAaACQAQwAAAAAAAAIBAAAAAAAAAAUAAAAAAAAAAAAAAAAAAAGb}
}
